@article{10.21468/SciPostPhys.8.4.065,
	title={{On duality between Cosserat elasticity and fractons}},
	author={Andrey Gromov and Piotr Sur√≥wka},
	journal={SciPost Phys.},
	volume={8},
	issue={4},
	pages={65},
	year={2020},
	publisher={SciPost},
	doi={10.21468/SciPostPhys.8.4.065},
	url={https://scipost.org/10.21468/SciPostPhys.8.4.065},
}