@article{quantum-bkt-topo-insulator,
   title={Quantum Berezinskii–Kosterltz–Thouless transition for topological insulator},
   volume={93},
   ISSN={1029-0338},
   url={http://dx.doi.org/10.1080/01411594.2020.1765349},
   DOI={10.1080/01411594.2020.1765349},
   number={6},
   journal={Phase Transitions},
   publisher={Informa UK Limited},
   author={Kumar R, Ranjith and S, Rahul and Sahoo, Surya Narayan and Sarkar, Sujit},
   year={2020},
   month={May},
   pages={606–629}
}

@misc{zhou2021fractal,
      title={Fractal Quantum Phase Transitions: Critical Phenomena Beyond Renormalization}, 
      author={Zheng Zhou and Xue-Feng Zhang and Frank Pollmann and Yizhi You},
      year={2021},
      eprint={2105.05851},
      archivePrefix={arXiv},
      primaryClass={cond-mat.str-el}
}
