% Overview

@article{uni-chem-review,
author = {LI Yan-Wei, SUN Zhao-Yan, AN Li-Jia},
title = {Glass and Glass Transition},
publisher = {Glass and Glass Transition},
year = {2016},
journal = {Glass and Glass Transition},
volume = {31},
number = {3},
eid = {1},
numpages = {9},
pages = {1},
url = {http://www.dxhx.pku.edu.cn/CN/abstract/article_34066.shtml},
doi = {10.3866/PKU.DXHX20160301}
}    

% Phenomenon

@article{Vilgis1993,
  doi = {10.1103/physrevb.47.2882},
  url = {https://doi.org/10.1103/physrevb.47.2882},
  year = {1993},
  month = feb,
  publisher = {American Physical Society ({APS})},
  volume = {47},
  number = {5},
  pages = {2882--2885},
  author = {T. A. Vilgis},
  title = {Strong and fragile glasses: A powerful classification and its consequences},
  journal = {Physical Review B}
}

@misc{viscosity-liquid,
    title = {Viscosities of Simple Liquids - Temperature Variation},
    author = {Tandy Grubbs},
    howpublished = {\url{https://chem.libretexts.org/Bookshelves/Physical_and_Theoretical_Chemistry_Textbook_Maps/Exercises%3A_Physical_and_Theoretical_Chemistry/Data-Driven_Exercises/Viscosities_of_Simple_Liquids_-_Temperature_Variation}},
    note = {Accessed: 2021-11-17 03:59:58}
}

@article{temperature-viscosity-reassess,
author = {Micha Peleg},
title = {Temperatureâ€“viscosity models reassessed},
journal = {Critical Reviews in Food Science and Nutrition},
volume = {58},
number = {15},
pages = {2663-2672},
year  = {2018},
publisher = {Taylor & Francis},
doi = {10.1080/10408398.2017.1325836},
note ={PMID: 28471301},
URL = { https://doi.org/10.1080/10408398.2017.1325836},
eprint = {https://doi.org/10.1080/10408398.2017.1325836}
}

% MCT

@article{mct-primer,
   title={Mode-Coupling Theory of the Glass Transition: A Primer},
   volume={6},
   ISSN={2296-424X},
   url={http://dx.doi.org/10.3389/fphy.2018.00097},
   DOI={10.3389/fphy.2018.00097},
   journal={Frontiers in Physics},
   publisher={Frontiers Media SA},
   author={Janssen, Liesbeth M. C.},
   year={2018},
   month={Oct}
}

