@book{wen2004quantum,
  title={Quantum field theory of many-body systems: from the origin of sound to an origin of light and electrons},
  author={Wen, Xiao-Gang},
  year={2004},
  publisher={Oxford University Press on Demand}
}

@book{altland2010condensed,
  title={Condensed matter field theory},
  author={Altland, Alexander and Simons, Ben D},
  year={2010},
  publisher={Cambridge university press}
}

@misc{itensor,
title={The \mbox{ITensor} Software Library for Tensor Network Calculations},
author={Matthew Fishman and Steven R. White and E. Miles Stoudenmire},
year={2020},
eprint={2007.14822},
archivePrefix={arXiv}
}