@misc{viefers_anyons,
  author       = {Susanne F. Viefers},
  title        = {Field Theory of Anyons and the Fractional Quantum Hall Effect},
  howpublished = "\url{https://inis.iaea.org/collection/NCLCollectionStore/_Public/30/061/30061237.pdf}",
  year         = {1997}
}