% Relation between categorical models and probablistic ones

@article{Sprouse_2018,
	doi = {10.1515/tlr-2018-0005},
	url = {https://doi.org/10.1515%2Ftlr-2018-0005},
	year = 2018,
	month = {sep},
	publisher = {Walter de Gruyter {GmbH}},
	volume = {35},
	number = {3},
	pages = {575--599},
	author = {Jon Sprouse and Beracah Yankama and Sagar Indurkhya and Sandiway Fong and Robert C. Berwick},
	title = {Colorless green ideas do sleep furiously: gradient acceptability and the nature of the grammar},
	journal = {The Linguistic Review}
}
