@article{PhysRevLett.53.1951,
  title = {Metallic Phase with Long-Range Orientational Order and No Translational Symmetry},
  author = {Shechtman, D. and Blech, I. and Gratias, D. and Cahn, J. W.},
  journal = {Phys. Rev. Lett.},
  volume = {53},
  issue = {20},
  pages = {1951--1953},
  numpages = {0},
  year = {1984},
  month = {Nov},
  publisher = {American Physical Society},
  doi = {10.1103/PhysRevLett.53.1951},
  url = {https://link.aps.org/doi/10.1103/PhysRevLett.53.1951}
}

@article{PhysRevB.32.5764,
  title = {Symmetry, stability, and elastic properties of icosahedral incommensurate crystals},
  author = {Bak, Per},
  journal = {Phys. Rev. B},
  volume = {32},
  issue = {9},
  pages = {5764--5772},
  numpages = {0},
  year = {1985},
  month = {Nov},
  publisher = {American Physical Society},
  doi = {10.1103/PhysRevB.32.5764},
  url = {https://link.aps.org/doi/10.1103/PhysRevB.32.5764}
}

@article{Johnston_1960,
	doi = {10.1088/0034-4885/23/1/302},
	url = {https://doi.org/10.1088/0034-4885/23/1/302},
	year = 1960,
	month = {jan},
	publisher = {{IOP} Publishing},
	volume = {23},
	number = {1},
	pages = {66--153},
	author = {D F Johnston},
	title = {Group theory in solid state physics},
	journal = {Reports on Progress in Physics}
}

@article{Evans_2016,
	doi = {10.1088/0953-8984/28/24/240401},
	url = {https://doi.org/10.1088/0953-8984/28/24/240401},
	year = 2016,
	month = {apr},
	publisher = {{IOP} Publishing},
	volume = {28},
	number = {24},
	pages = {240401},
	author = {Robert Evans and Martin Oettel and Roland Roth and Gerhard Kahl},
	title = {New developments in classical density functional theory},
	journal = {Journal of Physics: Condensed Matter},
	abstract = {}
}

@article{cdft2020,
   title={Classical dynamical density functional theory: from fundamentals to applications},
   volume={69},
   ISSN={1460-6976},
   url={http://dx.doi.org/10.1080/00018732.2020.1854965},
   DOI={10.1080/00018732.2020.1854965},
   number={2},
   journal={Advances in Physics},
   publisher={Informa UK Limited},
   author={te Vrugt, Michael and Löwen, Hartmut and Wittkowski, Raphael},
   year={2020},
   month={Apr},
   pages={121–247}
}

@article{fabrizio2008,
author = {Fabrizio, Mauro},
year = {2008},
month = {10},
pages = {102902-102902},
title = {Ice-water and liquid-vapor phase transitions by a Ginzburg–Landau model},
volume = {49},
journal = {Journal of Mathematical Physics},
doi = {10.1063/1.2992478}
}

@article{PhysRevB.90.104101,
  title = {Advanced Ginzburg-Landau theory of freezing: A density-functional approach},
  author = {T\'oth, Gyula I. and Provatas, Nikolas},
  journal = {Phys. Rev. B},
  volume = {90},
  issue = {10},
  pages = {104101},
  numpages = {13},
  year = {2014},
  month = {Sep},
  publisher = {American Physical Society},
  doi = {10.1103/PhysRevB.90.104101},
  url = {https://link.aps.org/doi/10.1103/PhysRevB.90.104101}
}

@article{PhysRevLett.41.702,
  title = {Should All Crystals Be bcc? Landau Theory of Solidification and Crystal Nucleation},
  author = {Alexander, S. and McTague, J.},
  journal = {Phys. Rev. Lett.},
  volume = {41},
  issue = {10},
  pages = {702--705},
  numpages = {0},
  year = {1978},
  month = {Sep},
  publisher = {American Physical Society},
  doi = {10.1103/PhysRevLett.41.702},
  url = {https://link.aps.org/doi/10.1103/PhysRevLett.41.702}
}

@article{PhysRevLett.58.706,
  title = {Quasicrystal equilibrium state},
  author = {Widom, Michael and Strandburg, Katherine J. and Swendsen, Robert H.},
  journal = {Phys. Rev. Lett.},
  volume = {58},
  issue = {7},
  pages = {706--709},
  numpages = {0},
  year = {1987},
  month = {Feb},
  publisher = {American Physical Society},
  doi = {10.1103/PhysRevLett.58.706},
  url = {https://link.aps.org/doi/10.1103/PhysRevLett.58.706}
}


@article{boettinger2002phase,
  title={Phase-field simulation of solidification},
  author={Boettinger, William J and Warren, James A and Beckermann, Christoph and Karma, Alain},
  journal={Annual review of materials research},
  volume={32},
  number={1},
  pages={163--194},
  year={2002},
  publisher={Annual Reviews 4139 El Camino Way, PO Box 10139, Palo Alto, CA 94303-0139, USA}
}

@book{provatas2011phase,
  title={Phase-field methods in materials science and engineering},
  author={Provatas, Nikolas and Elder, Ken},
  year={2011},
  publisher={John Wiley \& Sons}
}

@article{pfc2009,
   title={Derivation of the phase-field-crystal model for colloidal solidification},
   volume={79},
   ISSN={1550-2376},
   url={http://dx.doi.org/10.1103/PhysRevE.79.051404},
   DOI={10.1103/physreve.79.051404},
   number={5},
   journal={Physical Review E},
   publisher={American Physical Society (APS)},
   author={van Teeffelen, Sven and Backofen, Rainer and Voigt, Axel and Löwen, Hartmut},
   year={2009},
   month={May}
}

@article{PhysRevLett.88.245701,
  title = {Modeling Elasticity in Crystal Growth},
  author = {Elder, K. R. and Katakowski, Mark and Haataja, Mikko and Grant, Martin},
  journal = {Phys. Rev. Lett.},
  volume = {88},
  issue = {24},
  pages = {245701},
  numpages = {4},
  year = {2002},
  month = {Jun},
  publisher = {American Physical Society},
  doi = {10.1103/PhysRevLett.88.245701},
  url = {https://link.aps.org/doi/10.1103/PhysRevLett.88.245701}
}

@article{PhysRevB.75.064107,
  title = {Phase-field crystal modeling and classical density functional theory of freezing},
  author = {Elder, K. R. and Provatas, Nikolas and Berry, Joel and Stefanovic, Peter and Grant, Martin},
  journal = {Phys. Rev. B},
  volume = {75},
  issue = {6},
  pages = {064107},
  numpages = {14},
  year = {2007},
  month = {Feb},
  publisher = {American Physical Society},
  doi = {10.1103/PhysRevB.75.064107},
  url = {https://link.aps.org/doi/10.1103/PhysRevB.75.064107}
}

@article{mct-primer,
   title={Mode-Coupling Theory of the Glass Transition: A Primer},
   volume={6},
   ISSN={2296-424X},
   url={http://dx.doi.org/10.3389/fphy.2018.00097},
   DOI={10.3389/fphy.2018.00097},
   journal={Frontiers in Physics},
   publisher={Frontiers Media SA},
   author={Janssen, Liesbeth M. C.},
   year={2018},
   month={Oct}
}

@article{PhysRevB.19.2775,
  title = {First-principles order-parameter theory of freezing},
  author = {Ramakrishnan, T. V. and Yussouff, M.},
  journal = {Phys. Rev. B},
  volume = {19},
  issue = {5},
  pages = {2775--2794},
  numpages = {0},
  year = {1979},
  month = {Mar},
  publisher = {American Physical Society},
  doi = {10.1103/PhysRevB.19.2775},
  url = {https://link.aps.org/doi/10.1103/PhysRevB.19.2775}
}

@article{Singh1991351,
title = {Density-functional theory of freezing and properties of the ordered phase},
journal = {Physics Reports},
volume = {207},
number = {6},
pages = {351-444},
year = {1991},
issn = {0370-1573},
doi = {https://doi.org/10.1016/0370-1573(91)90097-6},
url = {https://www.sciencedirect.com/science/article/pii/0370157391900976},
author = {Yashwant Singh}
}

@article{PhysRevE.70.051605,
  title = {Modeling elastic and plastic deformations in nonequilibrium processing using phase field crystals},
  author = {Elder, K. R. and Grant, Martin},
  journal = {Phys. Rev. E},
  volume = {70},
  issue = {5},
  pages = {051605},
  numpages = {18},
  year = {2004},
  month = {Nov},
  publisher = {American Physical Society},
  doi = {10.1103/PhysRevE.70.051605},
  url = {https://link.aps.org/doi/10.1103/PhysRevE.70.051605}
}

@article{Neuhaus_2014,
	doi = {10.1140/epjst/e2014-02097-x},
	url = {https://doi.org/10.1140%2Fepjst%2Fe2014-02097-x},
	year = 2014,
	month = {feb},
	publisher = {Springer Science and Business Media {LLC}},
	volume = {223},
	number = {3},
	pages = {373--387},
	author = {T. Neuhaus and A. Härtel and M. Marechal and M. Schmiedeberg and H. Löwen},
	title = {Density functional theory of heterogeneous crystallization},
	journal = {The European Physical Journal Special Topics}
}

@book{kardar2007statistical,
  title={Statistical physics of fields},
  author={Kardar, Mehran},
  year={2007},
  publisher={Cambridge University Press}
}

@article{berry2008,
   title={Melting at dislocations and grain boundaries: A phase field crystal study},
   volume={77},
   ISSN={1550-235X},
   url={http://dx.doi.org/10.1103/PhysRevB.77.224114},
   DOI={10.1103/physrevb.77.224114},
   number={22},
   journal={Physical Review B},
   publisher={American Physical Society (APS)},
   author={Berry, Joel and Elder, K. R. and Grant, Martin},
   year={2008},
   month={Jun}
}

@article{PhysRevA.15.319,
  title = {Hydrodynamic fluctuations at the convective instability},
  author = {Swift, J. and Hohenberg, P. C.},
  journal = {Phys. Rev. A},
  volume = {15},
  issue = {1},
  pages = {319--328},
  numpages = {0},
  year = {1977},
  month = {Jan},
  publisher = {American Physical Society},
  doi = {10.1103/PhysRevA.15.319},
  url = {https://link.aps.org/doi/10.1103/PhysRevA.15.319}
}

@article{phasediffusion2012,
author = {Ercolani, N. and Indik, R. and Newell, A. and Passot, T.},
year = {2012},
month = {04},
pages = {223-274},
title = {The Geometry of the Phase Diffusion Equation},
volume = {10},
journal = {Journal of Nonlinear Science},
doi = {10.1007/s003329910010}
}