@book{Scully1997,
  doi = {10.1017/cbo9780511813993},
  url = {https://doi.org/10.1017/cbo9780511813993},
  year = {1997},
  month = sep,
  publisher = {Cambridge University Press},
  author = {Marlan O. Scully and M. Suhail Zubairy},
  title = {Quantum Optics}
}