@misc{DLMF1032IntegralRepresentations,
    author = "NIST",
    keywords = {Basset’s integral, Mellin–Barnes type, along real line, compendia, contour integrals, integral representations, modified Bessel functions, products},
    title = {10.32 Integral Representations},
    howpublished = {\url{https://dlmf.nist.gov/10.32}},
    note = {Accessed: 2021-11-08 07:51:07}
}

@book{table-integral,
editor = {Daniel Zwillinger and Victor Moll and I.S. Gradshteyn and I.M. Ryzhik},
title = {Table of Integrals, Series, and Products},
publisher = {Academic Press},
edition = {Seventh Edition},
address = {Boston},
year = {2007},
isbn = {978-0-12-373637-6}
}