@article{Castro_Neto_1994,
   title={Bosonization of Fermi liquids},
   volume={49},
   ISSN={1095-3795},
   url={http://dx.doi.org/10.1103/PhysRevB.49.10877},
   DOI={10.1103/physrevb.49.10877},
   number={16},
   journal={Physical Review B},
   publisher={American Physical Society (APS)},
   author={Castro Neto, A. H. and Fradkin, Eduardo},
   year={1994},
   month={Apr},
   pages={10877–10892}
}

@article{haldane-boson,
Author = {F. D. M. Haldane},
Title = {Luttinger's Theorem and Bosonization of the Fermi Surface},
Year = {2005},
Eprint = {arXiv:cond-mat/0505529},
Howpublished = {Proceedings of the International School of Physics "Enrico Fermi",
  Course CXXI "Perspectives in Many-Particle Physics" eds. R. A. Broglia and J.
  R. Schrieffer (North-Holland, Amsterdam 1994) pp 5-29},
}

@article{Chandra_2019,
   title={Hydrodynamic and ballistic AC transport in two-dimensional Fermi liquids},
   volume={99},
   ISSN={2469-9969},
   url={http://dx.doi.org/10.1103/PhysRevB.99.165409},
   DOI={10.1103/physrevb.99.165409},
   number={16},
   journal={Physical Review B},
   publisher={American Physical Society (APS)},
   author={Chandra, Mani and Kataria, Gitansh and Sahdev, Deshdeep and Sundararaman, Ravishankar},
   year={2019},
   month={Apr}
}

@article{sound-fermi-liquid,
   title={Zero and First Sound in Normal Fermi Systems},
   volume={158},
   ISSN={1573-7357},
   url={http://dx.doi.org/10.1007/s10909-009-0043-4},
   DOI={10.1007/s10909-009-0043-4},
   number={5-6},
   journal={Journal of Low Temperature Physics},
   publisher={Springer Science and Business Media LLC},
   author={Watabe, Shohei and Osawa, Aiko and Nikuni, Tetsuro},
   year={2009},
   month={Nov},
   pages={773–805}
}