@article{2012,
   title={Lectures on hydrodynamic fluctuations in relativistic theories},
   volume={45},
   ISSN={1751-8121},
   url={http://dx.doi.org/10.1088/1751-8113/45/47/473001},
   DOI={10.1088/1751-8113/45/47/473001},
   number={47},
   journal={Journal of Physics A: Mathematical and Theoretical},
   publisher={IOP Publishing},
   author={Kovtun, Pavel},
   year={2012},
   month={Nov},
   pages={473001}
}

@article{2021,
   title={Hydrodynamic gradient expansion in linear response theory},
   volume={104},
   ISSN={2470-0029},
   url={http://dx.doi.org/10.1103/PhysRevD.104.066002},
   DOI={10.1103/physrevd.104.066002},
   number={6},
   journal={Physical Review D},
   publisher={American Physical Society (APS)},
   author={Heller, Michal P. and Serantes, Alexandre and Spaliński, Michał and Svensson, Viktor and Withers, Benjamin},
   year={2021},
   month={Sep}
}