@article{Penrose1954-zv,
  title     = "{XI}. The quantization of sound waves---I: General theory",
  author    = "Penrose, O",
  journal   = "Lond. Edinb. Dublin Philos. Mag. J. Sci.",
  publisher = "Informa UK Limited",
  volume    =  45,
  number    =  360,
  pages     = "80--92",
  month     =  jan,
  year      =  1954
}

@article{Penrose_1951,
	doi = {10.1080/14786445108560954},
	url = {https://doi.org/10.1080%2F14786445108560954},
	year = 1951,
	month = {dec},
	publisher = {Informa {UK} Limited},
	volume = {42},
	number = {335},
	pages = {1373--1377},
	author = {O. Penrose},
	title = {{CXXXVI}. On the quantum mechanics of helium {II}},
	journal = {The London, Edinburgh, and Dublin Philosophical Magazine and Journal of Science}
}

@article{neilson1996landau,
  title={Landau Fermi liquid theory},
  author={Neilson, D},
  journal={Australian journal of physics},
  volume={49},
  number={1},
  pages={79--102},
  year={1996},
  publisher={CSIRO Publishing}
}