@MISC {711309,
    TITLE = {Baker-Hausdorff Lemma from Sakurai's book},
    AUTHOR = {Brightsun (\url{https://math.stackexchange.com/users/118300/brightsun})},
    HOWPUBLISHED = {Mathematics Stack Exchange},
    NOTE = {\url{https://math.stackexchange.com/q/711309} (version: 2016-11-20)},
    EPRINT = {\url{https://math.stackexchange.com/q/711309}},
    URL = {\url{https://math.stackexchange.com/q/711309}}
}