@misc{optical-note-steck,
   author = "Daniel A. Steck",
   title = "Quantum and Atom Optics",
   year = "2020",
   howpublished = {available online at \url{http://steck.us/teaching}}
 }