@article{eft-fluid-rel,
  doi = {10.7916/D8F76KS3},
  url = {https://academiccommons.columbia.edu/doi/10.7916/D8F76KS3},
  author = {Endlich, Solomon},
  keywords = {Physics, Condensed matter},
  title = {The Effective Field Theory Approach to Fluid Dynamics},
  publisher = {Columbia University},
  year = {2013}
}

